<?xml version="1.0" encoding="UTF-8"?>
  <record xmlns="http://www.loc.gov/MARC21/slim" type="Authority">
    <leader>00000nz  a2200000oc 4500</leader>
    <controlfield tag="001">1023004895</controlfield>
    <controlfield tag="003">DE-101</controlfield>
    <controlfield tag="005">20120604091518.0</controlfield>
    <controlfield tag="008">120604n||aznnnaabn           | aaa    |c</controlfield>
    <datafield tag="024" ind1="7" ind2=" ">
      <subfield code="a">1023004895</subfield>
      <subfield code="0">http://d-nb.info/gnd/1023004895</subfield>
      <subfield code="2">gnd</subfield>
    </datafield>
    <datafield tag="035" ind1=" " ind2=" ">
      <subfield code="a">(DE-101)1023004895</subfield>
    </datafield>
    <datafield tag="035" ind1=" " ind2=" ">
      <subfield code="a">(DE-588)1023004895</subfield>
    </datafield>
    <datafield tag="040" ind1=" " ind2=" ">
      <subfield code="a">DE-29</subfield>
      <subfield code="c">DE-29</subfield>
      <subfield code="9">r:DE-29</subfield>
      <subfield code="b">ger</subfield>
      <subfield code="d">8999</subfield>
    </datafield>
    <datafield tag="042" ind1=" " ind2=" ">
      <subfield code="a">gnd3</subfield>
    </datafield>
    <datafield tag="043" ind1=" " ind2=" ">
      <subfield code="c">XA-DE</subfield>
    </datafield>
    <datafield tag="075" ind1=" " ind2=" ">
      <subfield code="b">p</subfield>
      <subfield code="2">gndgen</subfield>
    </datafield>
    <datafield tag="075" ind1=" " ind2=" ">
      <subfield code="b">piz</subfield>
      <subfield code="2">gndspec</subfield>
    </datafield>
    <datafield tag="079" ind1=" " ind2=" ">
      <subfield code="a">g</subfield>
      <subfield code="q">f</subfield>
    </datafield>
    <datafield tag="100" ind1="1" ind2=" ">
      <subfield code="a">Rodner, Leonhard</subfield>
      <subfield code="d">1604-1673</subfield>
    </datafield>
    <datafield tag="548" ind1=" " ind2=" ">
      <subfield code="a">1604-1673</subfield>
      <subfield code="4">datl</subfield>
      <subfield code="4">https://d-nb.info/standards/elementset/gnd#dateOfBirthAndDeath</subfield>
      <subfield code="w">r</subfield>
      <subfield code="i">Lebensdaten</subfield>
    </datafield>
    <datafield tag="550" ind1=" " ind2=" ">
      <subfield code="0">(DE-101)041164695</subfield>
      <subfield code="0">(DE-588)4116469-6</subfield>
      <subfield code="0">https://d-nb.info/gnd/4116469-6</subfield>
      <subfield code="a">Sekretär</subfield>
      <subfield code="4">berc</subfield>
      <subfield code="4">https://d-nb.info/standards/elementset/gnd#professionOrOccupation</subfield>
      <subfield code="w">r</subfield>
      <subfield code="i">Charakteristischer Beruf</subfield>
    </datafield>
    <datafield tag="551" ind1=" " ind2=" ">
      <subfield code="0">(DE-101)040335348</subfield>
      <subfield code="0">(DE-588)4033534-3</subfield>
      <subfield code="0">https://d-nb.info/gnd/4033534-3</subfield>
      <subfield code="a">Kulmbach</subfield>
      <subfield code="4">orts</subfield>
      <subfield code="4">https://d-nb.info/standards/elementset/gnd#placeOfDeath</subfield>
      <subfield code="w">r</subfield>
      <subfield code="i">Sterbeort</subfield>
    </datafield>
    <datafield tag="672" ind1=" " ind2="0">
      <subfield code="a">Erhardi, Wolfgang: Memorabile Senum Praeconium ... bey ansehnlichen und gantz volckreichen Exequien deß ... Herrn Leonhardi Rodners ... - 1673</subfield>
    </datafield>
    <datafield tag="678" ind1=" " ind2=" ">
      <subfield code="b">Brandenburgischer Rat und geheimer Sekretär</subfield>
    </datafield>
  </record>
